<?xml version="1.0" encoding="UTF-8" ?><marc:collection xmlns:marc="http://www.loc.gov/MARC21/slim" xmlns:xsi="http://www.w3.org/2001/XMLSchema-instance" xsi:schemaLocation="http://www.loc.gov/MARC21/slim http://www.loc.gov/standards/marcxml/schema/MARC21slim.xsd">
<marc:record><marc:leader>02274cam a2200385Ii 4500</marc:leader>
<marc:controlfield tag="001">b12224029</marc:controlfield>
<marc:controlfield tag="003">UaCaAUL</marc:controlfield><marc:controlfield tag="005">20170223113549.0</marc:controlfield><marc:controlfield tag="008">000627s1938    ua            000 0 ara d</marc:controlfield><marc:datafield tag="035" ind1=" " ind2=" "><marc:subfield code="a">(OCoLC)122741040</marc:subfield></marc:datafield><marc:datafield tag="040" ind1=" " ind2=" "><marc:subfield code="a">OrPS</marc:subfield><marc:subfield code="b">eng</marc:subfield><marc:subfield code="c">YUS</marc:subfield><marc:subfield code="d">OCLCG</marc:subfield><marc:subfield code="d">OCLCA</marc:subfield><marc:subfield code="d">OCLCF</marc:subfield><marc:subfield code="d">OCLCO</marc:subfield><marc:subfield code="d">OCLCQ</marc:subfield><marc:subfield code="d">MEAUC</marc:subfield></marc:datafield><marc:datafield tag="049" ind1=" " ind2=" "><marc:subfield code="a">MAIN</marc:subfield></marc:datafield><marc:datafield tag="066" ind1=" " ind2=" "><marc:subfield code="c">(3</marc:subfield></marc:datafield><marc:datafield tag="090" ind1=" " ind2=" "><marc:subfield code="a">BP160</marc:subfield><marc:subfield code="b">.B93 1938</marc:subfield></marc:datafield><marc:datafield tag="100" ind1="1" ind2=" "><marc:subfield code="6">880-01</marc:subfield><marc:subfield code="a">Bukhārī, Muḥammad ibn Ismāʻīl,</marc:subfield><marc:subfield code="d">810-870,</marc:subfield><marc:subfield code="e">author.</marc:subfield></marc:datafield><marc:datafield tag="245" ind1="1" ind2="0"><marc:subfield code="6">880-02</marc:subfield><marc:subfield code="a">Maḥāsin al-Islām wa-sharāʼiʻ al-Islām /</marc:subfield><marc:subfield code="c">li-Abī ʻAbd Allāh Muḥammad ibn ʻAbd al-Raḥmān al-Bukhārī. Wa-yalīhi Marātib al-ijmāʻ fī al-ʻibādāt wa-al-muʻāmalāt wa-al-Iʻtiqādāt lil-ḥāfiẓ Abī Muḥammad ʻAlī ibn Aḥmad ibn Ḥazm, wa-maʻahu Naqd marātib al-ijmāʻ li-Ibn Taymīyah.</marc:subfield></marc:datafield><marc:datafield tag="264" ind1=" " ind2="1"><marc:subfield code="6">880-03</marc:subfield><marc:subfield code="a">al-Qāhirah :</marc:subfield><marc:subfield code="b">ʻunayat bi-nashrihā Maktabat al-Qudsī,</marc:subfield><marc:subfield code="c">1357 [1938]</marc:subfield></marc:datafield><marc:datafield tag="300" ind1=" " ind2=" "><marc:subfield code="a">116 pages ;</marc:subfield><marc:subfield code="c">23 cm.</marc:subfield></marc:datafield><marc:datafield tag="336" ind1=" " ind2=" "><marc:subfield code="a">text</marc:subfield><marc:subfield code="b">txt</marc:subfield><marc:subfield code="2">rdacontent.</marc:subfield></marc:datafield><marc:datafield tag="337" ind1=" " ind2=" "><marc:subfield code="a">unmediated</marc:subfield><marc:subfield code="b">n</marc:subfield><marc:subfield code="2">rdamedia.</marc:subfield></marc:datafield><marc:datafield tag="338" ind1=" " ind2=" "><marc:subfield code="a">volume</marc:subfield><marc:subfield code="b">nc</marc:subfield><marc:subfield code="2">rdacarrier.</marc:subfield></marc:datafield><marc:datafield tag="650" ind1=" " ind2="0"><marc:subfield code="a">Islamic law.</marc:subfield></marc:datafield><marc:datafield tag="650" ind1=" " ind2="0"><marc:subfield code="a">Islam</marc:subfield><marc:subfield code="x">Doctrines.</marc:subfield></marc:datafield><marc:datafield tag="650" ind1=" " ind2="0"><marc:subfield code="a">Islam.</marc:subfield></marc:datafield><marc:datafield tag="700" ind1="1" ind2="2"><marc:subfield code="6">880-04</marc:subfield><marc:subfield code="a">Ibn Ḥazm, ʻAlī ibn Aḥmad,</marc:subfield><marc:subfield code="d">994-1064.</marc:subfield><marc:subfield code="t">Marātib al-ijmāʻ.</marc:subfield></marc:datafield><marc:datafield tag="700" ind1="1" ind2="2"><marc:subfield code="6">880-05</marc:subfield><marc:subfield code="a">Ibn Taymīyah, Aḥmad ibn ʻAbd al-Ḥalīm,</marc:subfield><marc:subfield code="d">1263-1328.</marc:subfield><marc:subfield code="t">Naqd Marātib al-ijmāʻ.</marc:subfield></marc:datafield><marc:datafield tag="880" ind1="1" ind2=" "><marc:subfield code="6">100-01/(3/r</marc:subfield><marc:subfield code="a">بخاري، محمد بن إسماعيل،</marc:subfield><marc:subfield code="d">810-870.</marc:subfield></marc:datafield><marc:datafield tag="880" ind1="1" ind2="0"><marc:subfield code="6">245-02/(3/r</marc:subfield><marc:subfield code="a">محاسن الإسلام وشرائع الإسلام /</marc:subfield><marc:subfield code="c">لأبي عبد الله محمد بن عبد الرحمن البخاري. ويليه مراتب الإجماع في العبادات والمعاملات والاعتقادات للحافظ أبي محمد علي بن أحمد بن حزم، ومعه نقد مراتب الإجماع لابن تيمية..</marc:subfield></marc:datafield><marc:datafield tag="880" ind1=" " ind2="1"><marc:subfield code="6">264-03/(3/r</marc:subfield><marc:subfield code="a">القاهرة :</marc:subfield><marc:subfield code="b">عنيت بنشرها مكتبة القدسي،</marc:subfield><marc:subfield code="c">1357 [1938]</marc:subfield></marc:datafield><marc:datafield tag="880" ind1="1" ind2="2"><marc:subfield code="6">700-04/(3/r</marc:subfield><marc:subfield code="a">ابن حزم، علي بن أحمد،</marc:subfield><marc:subfield code="d">994-1064.</marc:subfield><marc:subfield code="t">مراتب الإجماع..</marc:subfield></marc:datafield><marc:datafield tag="880" ind1="1" ind2="2"><marc:subfield code="6">700-05/(3/r</marc:subfield><marc:subfield code="a">ابن تيمية، أحمد بن عبد الحليم،</marc:subfield><marc:subfield code="d">1263-1328.</marc:subfield><marc:subfield code="t">نقد مراتب الإجماع..</marc:subfield></marc:datafield><marc:datafield tag="907" ind1=" " ind2=" "><marc:subfield code="a">.b12224029</marc:subfield><marc:subfield code="b">main </marc:subfield></marc:datafield><marc:datafield tag="902" ind1=" " ind2=" "><marc:subfield code="a">170314</marc:subfield></marc:datafield><marc:datafield tag="998" ind1=" " ind2=" "><marc:subfield code="b">1</marc:subfield><marc:subfield code="c">990318</marc:subfield><marc:subfield code="d">m</marc:subfield><marc:subfield code="e">a</marc:subfield><marc:subfield code="f">-</marc:subfield><marc:subfield code="g">0</marc:subfield><marc:subfield code="k">MAH</marc:subfield></marc:datafield><marc:datafield tag="945" ind1=" " ind2=" "><marc:subfield code="l">main </marc:subfield></marc:datafield></marc:record>
</marc:collection>
